@TECHREPORT{National_Institute_for_Health_and_Care_Excellence2015-cp,
  title = {{Hepatitis {C} (chronic) - sofosbuvir [{ID654}]}},
  author = {{National Institute for Health and Care Excellence}},
  year = {2015},
}
